@article{council2007,
  title={A study of the design process},
  author={Design Council},
  journal={UK Design Council},
  volume={44},
  pages={1--144},
  year={2007}
}

@article{jones2011,
  doi = {10.1017/s026357471000069x},
  year = 2011,
  month = {jan},
  publisher = {Cambridge University Press ({CUP})},
  volume = {29},
  number = {01},
  pages = {177--191},
  author = {Rhys Jones and Patrick Haufe and Edward Sells and Pejman Iravani and Vik Olliver and Chris Palmer and Adrian Bowyer},
  title = {{RepRap} {\textendash} the replicating rapid prototyper},
  journal = {Robotica}
}

@book{pugh1993,
  title={Total design: integrated methods for successful product engineering},
  author={Pugh, Stuart},
  year={1993},
  publisher={Wokingham, England}
}
@misc{tovey2016,
  author = {Alan Tovey},
  year = {2016},
  title = {Rolls-Royce set to reveal \textsterling{}2bn write-down as sterling's plunge weighs},
  publisher = {The Telegraph},
  url = {https://www.telegraph.co.uk/business/2016/07/23/rolls-royce-set-to-reveal-2bn-write-down-as-sterlings-plunge-wei/}
}

@incollection{vanhoucke2012,
  doi = {10.1007/978-3-642-25175-7\_2},
  year = 2012,
  publisher = {Springer Berlin Heidelberg},
  pages = {11--35},
  author = {Mario Vanhoucke},
  title = {The {PERT}/{CPM} Technique},
  booktitle = {Project Management with Dynamic Scheduling}
}
@article{davis2008,
  doi = {10.1287/ited.1080.0013},
  year = 2008,
  month = {may},
  publisher = {Institute for Operations Research and the Management Sciences ({INFORMS})},
  volume = {8},
  number = {3},
  pages = {139--148},
  author = {Ron Davis},
  title = {Teaching Note{\textemdash}Teaching Project Simulation in Excel Using {PERT}-{BetaDistributions}},
  journal = {{INFORMS} Transactions on Education}
}
@book{ullman2002,
  title={The mechanical design process},
  author={Ullman, David G},
  year={2002},
  publisher={McGraw-Hill Science/Engineering/Math}
}

@article{sullivan1967,
  title={Gas-jet laser cutting},
  author={Sullivan, ABJ and Houldcroft, PT},
  journal={BRIT WELD J},
  volume={14},
  number={8},
  pages={443--445},
  year={1967}
}

@book{boothroyd2011,
  doi = {10.1201/9780824741587},
  year = 2011,
  month = {sep},
  publisher = {{CRC} Press},
  title = {Product Design for Manufacture and Assembly},
  author = {Geoffrey Boothroyd},
  author = {Peter Dewhurst},
  author = {Winston A. Knight}
}

@article{mileham1993,
  doi = {10.1080/09544829308914776},
  year = 1993,
  month = {jan},
  publisher = {Informa {UK} Limited},
  volume = {4},
  number = {2},
  pages = {117--125},
  author = {A. R. Mileham and G. C. Currie and A. W. Miles and D. T. Bradford},
  title = {A Parametric Approach to Cost Estimating at the Conceptual Stage of Design},
  journal = {Journal of Engineering Design}
}

@article{corbett1986,
  doi = {10.1016/s0007-8506(07)61846-0},
  year = 1986,
  publisher = {Elsevier {BV}},
  volume = {35},
  number = {1},
  pages = {93--97},
  author = {J. Corbett and J.R. Crookall},
  title = {Design for Economic Manufacture},
  journal = {{CIRP} Annals}
}

@Article{wynn2017,
author="Wynn, David C.
and Clarkson, P. John",
title="Process models in design and development",
journal="Research in Engineering Design",
year="2017",
month="Jul",
day="12",
issn="1435-6066",
doi="10.1007/s00163-017-0262-7",
url="https://doi.org/10.1007/s00163-017-0262-7"
}

@book{MechanicalDesignDataManual2000,
  title={Mechanical Design Data Manual},
  author={New South Wales. Technical and Further Education Commission. Manufacturing and Engineering Educational Services},
  isbn={9780734821195},
  url={https://books.google.co.uk/books?id=gDDsXwAACAAJ},
  year={2000},
  publisher={Manufacturing and Engineering Educational Services, N.S.W. TAFE Commission}
}

@misc{AlexOsborn,
  title = {Alex Faickney Osborn},
  howpublished = {\url{http://www.lahistoriadelapublicidad.com/documentos/osborn1_514.jpg}},
  note = {Accessed: 2017-11-01}
}

@book{buxton2010,
  title={Sketching user experiences: getting the design right and the right design},
  author={Buxton, Bill},
  year={2010},
  publisher={Morgan Kaufmann}
}

@book{pahl2013,
  title={Engineering design: a systematic approach},
  author={Pahl, Gerhard and Beitz, Wolfgang},
  year={2013},
  publisher={Springer Science \& Business Media}
}


@article{garvin1987,
  title={Competing on the eight dimensions of quality},
  author={Garvin, David},
  journal={Harv. Bus. Rev.},
  pages={101--109},
  year={1987}
}

@article{sosa2007,
  doi = {10.1115/1.2771182},
  year = 2007,
  publisher = {{ASME} International},
  volume = {129},
  number = {11},
  pages = {1118},
  author = {Manuel E. Sosa and Steven D. Eppinger and Craig M. Rowles},
  title = {A Network Approach to Define Modularity of Components in Complex Products},
  journal = {Journal of Mechanical Design}
}

@article{sosa2003,
  title={Identifying Modular and Integrative Systems and Their Impact on Design Team Interactions},
  author={Sosa, Manuel E and Eppinger, Steven D and Rowles, Craig M},
  journal={Journal of mechanical design},
  volume={125},
  number={2},
  pages={240--252},
  year={2003},
  publisher={American Society of Mechanical Engineers}
}

@inproceedings{gorbea2008,
  title={Analysis of hybrid vehicle architectures using multiple domain matrices},
  author={Gorbea, Carlos and Spielmannleitner, Tobias and Lindemann, Udo and Fricke, Ernst and others},
  booktitle={DSM 2008: Proceedings of the 10th International DSM Conference, Stockholm, Sweden, 11.-12.11. 2008},
  year={2008}
}

@book{eppinger2012,
  title={Design structure matrix methods and applications},
  author={Eppinger, Steven D and Browning, Tyson R},
  year={2012},
  publisher={MIT press}
}

@article{jarratt2011,
  title={Engineering change: an overview and perspective on the literature},
  author={Jarratt, TAW and Eckert, Claudia M and Caldwell, NHM and Clarkson, P John},
  journal={Research in engineering design},
  volume={22},
  number={2},
  pages={103--124},
  year={2011},
  publisher={Springer}
}

@inproceedings{design2014,
  title={The Engineering Design Process through an Understanding of the Evolution of Engineering Digital Objects},
  author={Gopsill, James A. and Shi, Lei and McMahon, Chris and Hicks, Ben J.},
  booktitle={Proceedings of the International Conference on DESIGN},
  year={2014}
}

@inproceedings{design2018,
  title={Examining Bias in Construction Kits},
  author={Gopsill, James A.},
  booktitle={Proceedings of the International Conference on DESIGN},
  year={2018}
}

@article{gopsill2016,
  title={Automatically generated design structure matrices: a comparison of two formula student teams},
  author={Gopsill, J.A. and Snider, C.M. and McMahon, C. and Hicks, B.J.},
  journal={Journal on Artifical Intelligence for Engineering Design, Analysis and Manufacturing},
  year={2016},
  publisher={Cambridge Journals Online}
}

@article{edmunds2011,
  title={Constraint-based modelling and optimization to support the design of complex multi-domain engineering problems},
  author={Edmunds, Rorie and Feldman, Jonathan A and Hicks, Ben J and Mullineux, Glen},
  journal={Engineering with Computers},
  volume={27},
  number={4},
  pages={319--336},
  year={2011},
  publisher={Springer}
}

@book{cross1989,
  title={Engineering design methods},
  author={Cross, Nigel and Roy, Robin},
  volume={4},
  year={1989},
  publisher={Wiley New York}
}

@misc{fielden1963,
  title={Engineering Design (The Fielden Report)},
  author={Fielden, GBR},
  publisher={London, HMSO},
  year={1963}
}

@misc{hbr2014,
  author={Harvard Business Review Staff},
  title={The Best-Performing CEOs in the World},
  publisher={Harvard Business Review},
  year={2014},
  url={https://hbr.org/2014/11/the-best-performing-ceos-in-the-world}
}

@misc{bi2011,
  author={Judith Aquino},
  title={33\% Of CEOs Majored In Engineering -- And Other Surprising Facts About Your Boss},
  publisher={Business Insider},
  year={2011},
  url={http://www.businessinsider.com/ceos-majored-in-engineering-2011-3?IR=T}
}

@article{pam2017,
author="Gopsill, James A.
and Shindler, Jonathan
and Hicks, Ben J.",
AUTHOR+an = {1=highlight},
title="Using finite element analysis to influence the infill design of fused deposition modelled parts",
journal="Progress in Additive Manufacturing",
year="2017",
month="Nov",
day="28",
issn="2363-9520",
doi="10.1007/s40964-017-0034-y",
url="https://doi.org/10.1007/s40964-017-0034-y"
}

@article{pandey2003,
  doi = {10.1016/s0890-6955(02)00164-5},
  year = 2003,
  month = {jan},
  publisher = {Elsevier {BV}},
  volume = {43},
  number = {1},
  pages = {61--71},
  author = {P.M. Pandey and N.V. Reddy and S.G. Dhande},
  title = {Real time adaptive slicing for fused deposition modelling},
  journal = {International Journal of Machine Tools and Manufacture}
}

@article{sabourin1996,
  doi = {10.1108/13552549610153370},
  year = 1996,
  month = {dec},
  publisher = {Emerald},
  volume = {2},
  number = {4},
  pages = {20--26},
  author = {Emmanuel Sabourin and Scott A. Houser and Jan Helge B{\o}hn},
  title = {Adaptive slicing using stepwise uniform refinement},
  journal = {Rapid Prototyping Journal}
}